@online{foreign-broadcast,
    title = {Operating Amateur Radio in Foreign Countries},
    author = {Serge Bertuzzo},
    publisher = {Radio Amateurs of Canada},
    url = {https://www.rac.ca/operating/operation-in-foreign-countries/},
    urldate = {2024-02-11},
}

@online{us-callzones,
    title = {US Call Areas \& Zones by State},
    author = {Serge Stroobandt},
    year = {2019},
    url = {https://hamwaves.com/map.us/en/index.html},
    urldate = {2024-02-11},
}
